    @webpage{electricHeating,
      author =       "",
      title =        "Electic heating",
      howpublished = "online",
      publisher =    "Wikipedia, The Free Encyclopedia",
      year =         "2022",
      month =        2,
      url =          "https://en.wikipedia.org/w/index.php?title=Electric_heating&oldid=1069710541"
    }

@webpage{convectionHeater,
      author =       "",
      title =        "Convection heater",
      howpublished = "online",
      publisher =    "Wikipedia, The Free Encyclopedia",
      year =         "2021",
      month =        12,
      url =          "https://en.wikipedia.org/w/index.php?title=Convection_heater&oldid=1062355519"
    }
    
    @webpage{nest,
      author =       "",
      title =        "Nest Thermostat",
      howpublished = "online",
      publisher =    "Wikipedia, The Free Encyclopedia",
      year =         "2022",
      month =        5,
      url =          "https://en.wikipedia.org/w/index.php?title=Nest_Thermostat&oldid=1083084115"}
      
      @webpage{nedis,
      author =       "",
      title =        "Nedis WIFIHTPL20FWT",
      howpublished = "online",
      publisher =    "Seznam.cz, a.s",
      year =         "",
      month =        "",
      url =          "https://www.zbozi.cz/vyrobek/nedis-wifihtpl20fwt/"}
      
      @webpage{tuyaterm,
      author =       "",
      title =        "TUYA WIFI TERMOSTAT",
      howpublished = "online",
      publisher =    "Smart-switch.cz",
      year =         "",
      month =        "",
      url =          "https://www.smart-switch.cz/tuya-smart-life/tuya-wifi-termostat"}
      
      @webpage{shelly_1pm,
      author =       "",
      title =        "Shelly 1PM knowledge base",
      howpublished = "online",
      publisher =    "Shelly Cloud. Allterco Robotics LTD",
      year =         "",
      month =        "",
      url =          "https://shelly.cloud/knowledge-base/devices/shelly-1pm/"
    }
    
    @webpage{shelly_tempaddon,
      author =       "",
      title =        "Temperature Sensor AddOn for Shelly 1/1PM",
      howpublished = "online",
      publisher =    "Shelly Cloud. Allterco Robotics LTD",
      year =         "",
      month =        "",
      url =          "https://shop.shelly.cloud/temperature-sensor-addon-for-shelly-1-1pm-wifi-smart-home-automation"
    }
    
    @webpage{shelly_tempsensor,
      author =       "",
      title =        "Shelly temperature sensor",
      howpublished = "online",
      publisher =    "Shelly Cloud. Allterco Robotics LTD",
      year =         "",
      month =        "",
      url =          "https://www.shelly.si/en/accessories-for-shelly-products/23-shelly-temperature-sensor-3809511202456.html"
    }
    
     @webpage{raspberry_pi,
      author =       "",
      title =        "Raspberry Pi 4 Product Brief",
      howpublished = "online",
      publisher =    "Raspberry Pi Trading Ltd.",
      year =         "2021",
      month =        1,
      url =          "https://datasheets.raspberrypi.com/rpi4/raspberry-pi-4-product-brief.pdf"
    }
    
     @webpage{c_sharp,
      author =       "",
      title =        "A tour of the C\# language",
      howpublished = "online",
      publisher =    "Microsoft Docs",
      year =         "2022",
      month =        3,
      url =          "https://docs.microsoft.com/en-us/dotnet/csharp/tour-of-csharp/"
    }
    
    @webpage{maui,
      author =       "",
      title =        "What is .NET MAUI?",
      howpublished = "online",
      publisher =    "Microsoft Docs",
      year =         "2022",
      month =        4,
      url =          "https://docs.microsoft.com/en-us/dotnet/maui/what-is-maui"
    }
    
    @webpage{xaml,
      author =       "",
      title =        "XAML",
      howpublished = "online",
      publisher =    "Microsoft Docs",
      year =         "2022",
      month =        1,
      url =          "https://docs.microsoft.com/en-us/dotnet/maui/xaml/"
    }
    
    @webpage{mvvm,
      author =       "",
      title =        "Data binding and MVVM",
      howpublished = "online",
      publisher =    "Microsoft Docs",
      year =         "2022",
      month =        4,
      url =          "https://docs.microsoft.com/en-us/dotnet/maui/xaml/fundamentals/mvvm"
    }
    
    @webpage{influx_gh,
      author =       "",
      title =        "InfluxDB README.md",
      howpublished = "online",
      publisher =    "InfluxData",
      year =         "2021",
      month =        11,
      url =          "https://github.com/influxdata/influxdb/blob/master/README.md"
    }
    @webpage{flux,
      author =       "",
      title =        "Flux documentation",
      howpublished = "online",
      publisher =    "InfluxData",
      year =         "",
      month =        "",
      url =          "https://docs.influxdata.com/flux/v0.x/"
    }
    
    @webpage{flux_gs,
      author =       "",
      title =        "Get started with Flux",
      howpublished = "online",
      publisher =    "InfluxData",
      year =         "",
      month =        "",
      url =          "https://docs.influxdata.com/flux/v0.x/get-started/"
    }
    
    @webpage{nginx_wiki,
      author =       "",
      title =        "Nginx",
      howpublished = "online",
      publisher =    "Wikipedie: Otevřená encyklopedie",
      year =         "2021",
      month =        11,
      url =          "https://cs.wikipedia.org/w/index.php?title=Nginx&oldid=20683059"
    }
    
    @webpage{nginx_asp,
      author =       "",
      title =        "Host ASP.NET Core on Linux with Nginx",
      howpublished = "online",
      publisher =    "Microsoft Docs",
      year =         "2022",
      month =        4,
      url =          "https://docs.microsoft.com/en-us/aspnet/core/host-and-deploy/linux-nginx?view=aspnetcore-6.0"
    }
    
    @webpage{what_is_mlnet1,
      author =       "",
      title =        "What is ML.NET?",
      howpublished = "online",
      publisher =    "Microsoft .NET",
      year =         "",
      month =        "",
      url =          "https://dotnet.microsoft.com/en-us/learn/ml-dotnet/what-is-mldotnet"
    }
    
    @webpage{what_is_mlnet2,
      author =       "",
      title =        "What is ML.NET and how does it work?",
      howpublished = "online",
      publisher =    "Microsoft Docs",
      year =         "2021",
      month =        9,
      url =          "https://docs.microsoft.com/en-us/dotnet/machine-learning/how-does-mldotnet-work"
    }
    
    @webpage{mlnet_tutorial,
      author =       "",
      title =        "Tutorial: Forecast bike rental service demand with time series analysis and ML.NET",
      howpublished = "online",
      publisher =    "Microsoft Docs",
      year =         "2022",
      month =        4,
      url =          "https://docs.microsoft.com/en-us/dotnet/machine-learning/tutorials/time-series-demand-forecasting"
    }
    
    @webpage{asp_controllers,
      author =       "",
      title =        "Create web APIs with ASP.NET Core",
      howpublished = "online",
      publisher =    "Microsoft Docs",
      year =         "2022",
      month =        4,
      url =          "https://docs.microsoft.com/en-us/aspnet/core/web-api/?view=aspnetcore-6.0"
    }
    
    @webpage{about_asp,
      author =       "",
      title =        "ASP.NET Core fundamentals overview",
      howpublished = "online",
      publisher =    "Microsoft Docs",
      year =         "2022",
      month =        3,
      url =          "https://docs.microsoft.com/en-us/aspnet/core/fundamentals/?view=aspnetcore-6.0&tabs=linux"
    }
    
    @webpage{coravel,
      author =       "",
      title =        "Task Scheduling",
      howpublished = "online",
      publisher =    "Coravel",
      year =         "",
      month =        "",
      url =          "https://docs.coravel.net/Scheduler/"
    }
    
     @webpage{shelly_api,
      author =       "",
      title =        "Shelly1/PM: Overview",
      howpublished = "online",
      publisher =    "Shelly Cloud. Allterco Robotics LTD.",
      year =         "",
      month =        "",
      url =          "https://shelly-api-docs.shelly.cloud/gen1/#shelly1-pm-overview"
    }
    
    @webpage{shelly_http,
      author =       "",
      title =        "Common HTTP API",
      howpublished = "online",
      publisher =    "Shelly Cloud. Allterco Robotics LTD.",
      year =         "",
      month =        "",
      url =          "https://shelly-api-docs.shelly.cloud/gen1/#common-http-api"
    }
    
    @webpage{shelly-api-status,
      author =       "",
      title =        "Shelly1/1PM: /status",
      howpublished = "online",
      publisher =    "Shelly Cloud. Allterco Robotics LTD.",
      year =         "",
      month =        "",
      url =          "https://shelly-api-docs.shelly.cloud/gen1/#shelly1-1pm-status"
    }